@article{asher1977learning,
  title={Learning Another Language through Actions: The Complete Teacher's Guidebook.},
  author={Asher, James J},
  year={1977},
  publisher={ERIC}
}
@inproceedings{malone2007mother,
  title={Mother tongue-based multilingual education: Implications for education policy},
  author={Malone, Susan},
  booktitle={A Paper presented at the Seminar on Education Policy and the Right to Education: Towards more Equitable Outcomes for South Asiaâ€™s Children, Kathmandu},
  pages={17--20},
  year={2007}
}
@techreport{chomsky1964aspects,
  title={Aspects of the Theory of Syntax},
  author={Chomsky, Noam},
  year={1964},
  institution={DTIC Document}
}
@article{chomsky1969acquisition,
  title={The acquisition of syntax in children from 5 to 10.},
  author={Chomsky, Carol},
  year={1969},
  publisher={ERIC}
}
@book{chomsky1972language,
  title={Language and mind},
  author={Chomsky, Noam and DiNozzi, Robert},
  year={1972},
  publisher={Harcourt Brace Jovanovich New York}
}
@book{krashen1982principles,
  title={Principles and practice in second language acquisition},
  author={Krashen, Stephen},
  volume={2},
  year={1982},
  publisher={Oxford Pergamon}
}
@book{krashen1985input,
  title={The input hypothesis: Issues and implications},
  author={Krashen, Stephen D},
  year={1985},
  publisher={Addison-Wesley Longman Ltd}
}
@article{baker19931,
  title={1 Bilingual Education in Wales},
  author={Baker, Colin},
  journal={European models of bilingual education},
  volume={92},
  pages={7},
  year={1993},
  publisher={Multilingual Matters}
}
@online{livelingua,
author = {Live Lingua},
title = {Live Lingua Project},
year = {2016},
url = {https://www.livelingua.com/project/},
}
@online{peacecorps,
author = {Peace Corps},
title = {PC Live Language Resources},
year = {2016},
url = {https://pclive.peacecorps.gov/pclive/index.php/library},
}
@online{fsi,
author = {FSI},
title = {Foreign Service Institute Language Courses},
year = {2016},
url = {https://fsi-languages.yojik.eu/},
}
@online{celt,
author = {University of Indiana},
title = {Center for Language Technology},
year = {2016},
url = {http://www.indiana.edu/~celtie/portal.html},
}
@online{ucla,
author = {UCLA},
title = {Language Materials Project},
year = {2016},
url = {http://www.lmp.ucla.edu/AboutLMP.aspx},
}
@online{wolfeclap,
author = {Wolfe, Nikolas},
title = {The Celebrate Language Audio Project},
year = {2016},
url = {http://celebrate-language.com/},
}
@online{wikipimsleur,
author = {Wikipedia},
title = {Pimsleur Language Programs},
year = {2016},
url = {https://en.wikipedia.org/wiki/Pimsleur_Language_Programs},
}
@article{garcia2013learning,
  title={Learning a language for free while translating the web. does duolingo work?},
  author={Garcia, Ignacio},
  journal={International Journal of English Linguistics},
  volume={3},
  number={1},
  pages={19},
  year={2013},
  publisher={Canadian Center of Science and Education}
}
@inproceedings{reed2016learning,
  title={Learning Deep Representations of Fine-Grained Visual Descriptions},
  author={Reed, Scott and Akata, Zeynep and Lee, Honglak and Schiele, Bernt},
  booktitle={Proceedings of the IEEE Conference on Computer Vision and Pattern Recognition (CVPR)},
  year={2016}
}
@article{tran2016rich,
  title={Rich Image Captioning in the Wild},
  author={Tran, Kenneth and He, Xiaodong and Zhang, Lei and Sun, Jian and Carapcea, Cornelia and Thrasher, Chris and Buehler, Chris and Sienkiewicz, Chris},
  journal={arXiv preprint arXiv:1603.09016},
  year={2016}
}
@article{chan2016listen,
  title={Listen, Attend and Spell: A Neural Network for Large Vocabulary Conversational Speech Recognition},
  author={Chan, William and Jaitly, Navdeep and Le, Quoc V and Vinyals, Oriol},
  year={2016}
}
@article{hinton2012deep,
  title={Deep neural networks for acoustic modeling in speech recognition: The shared views of four research groups},
  author={Hinton, Geoffrey and Deng, Li and Yu, Dong and Dahl, George E and Mohamed, Abdel-rahman and Jaitly, Navdeep and Senior, Andrew and Vanhoucke, Vincent and Nguyen, Patrick and Sainath, Tara N and others},
  journal={Signal Processing Magazine, IEEE},
  volume={29},
  number={6},
  pages={82--97},
  year={2012},
  publisher={IEEE}
}
@article{hannun2014deep,
  title={Deep speech: Scaling up end-to-end speech recognition},
  author={Hannun, Awni and Case, Carl and Casper, Jared and Catanzaro, Bryan and Diamos, Greg and Elsen, Erich and Prenger, Ryan and Satheesh, Sanjeev and Sengupta, Shubho and Coates, Adam and others},
  journal={arXiv preprint arXiv:1412.5567},
  year={2014}
}
@article{pedersenfar,
  title={How Far Are We in Understanding Neuroscience and Voice, A Review},
  author={Pedersen, Mette}
}
@article{higgins1983computer,
  title={Computer assisted language learning},
  author={Higgins, John},
  journal={Language Teaching},
  volume={16},
  number={02},
  pages={102--114},
  year={1983},
  publisher={Cambridge Univ Press}
}
@book{levy1997computer,
  title={Computer-assisted language learning: Context and conceptualization},
  author={Levy, Michael},
  year={1997},
  publisher={Oxford University Press}
}
@article{hubbard2008call,
  title={CALL and the future of language teacher education},
  author={Hubbard, Philip},
  journal={Calico Journal},
  volume={25},
  number={2},
  pages={175--188},
  year={2008},
  publisher={JSTOR}
}
@book{mitchell2013second,
  title={Second language learning theories},
  author={Mitchell, Rosamond and Myles, Florence and Marsden, Emma},
  year={2013},
  publisher={Routledge}
}
@article{liaw2011review,
  title={Review of Livemocha},
  author={Liaw, Meei-Ling},
  journal={Language, Learning \& Technology},
  volume={15},
  number={1},
  pages={36},
  year={2011},
  publisher={University of Hawaii, National Foreign Language Resource Center}
}
@article{brick2011social,
  title={Social networking sites and language learning},
  author={Brick, Billy},
  year={2011}
}
@article{jee2009livemocha,
  title={Livemocha as an online language-learning community},
  author={Jee, Min Jung and Park, Min Jung},
  journal={Calico Journal},
  volume={26},
  number={2},
  pages={448--456},
  year={2009},
  publisher={JSTOR}
}
@inproceedings{von2013duolingo,
  title={Duolingo: learn a language for free while helping to translate the web},
  author={von Ahn, Luis},
  booktitle={Proceedings of the 2013 international conference on Intelligent user interfaces},
  pages={1--2},
  year={2013},
  organization={ACM}
}
@article{vesselinov2012duolingo,
  title={Duolingo effectiveness study},
  author={Vesselinov, Roumen and Grego, John},
  journal={City University of New York, USA},
  year={2012}
}
@inproceedings{ketyi2013using,
  title={Using Smart Phones in Language Learning--A Pilot Study to Turn CALL into MALL},
  author={K{\'e}tyi, Andr{\'a}s},
  booktitle={Proceedings of EUROCALL},
  volume={20},
  pages={129--134},
  year={2013}
}
@article{pino2011busuu,
  title={Busuu. com vs. Lang-8: Evaluating the acquisition of the writing skills},
  author={PINO, NICOL{\'A}S},
  journal={International Journal of Education and Development using Information and Communication Technology (IJEDICT)},
  number={17},
  pages={2},
  year={2011}
}
@article{pimsleur1966testing,
  title={Testing foreign language learning},
  author={Pimsleur, Paul},
  journal={Trends in language teaching},
  pages={175--214},
  year={1966},
  publisher={McGraw-Hill New York}
}
@article{pimsleur1971psychology,
  title={The Psychology of Second Language Learning: Papers from the Second International Congress of Applied Linguistics, Cambridge, 8-12 September 1969.},
  author={Pimsleur, Paul and Quinn, Terence},
  year={1971},
  publisher={ERIC}
}
@online{gradint,
author = {Brown, Silas S},
title = {Gradint, a program for self-study of foreign languages},
year = {2016},
url = {http://people.ds.cam.ac.uk/ssb22/gradint/}
}
@book{pimsleur2013learn,
  title={How to learn a foreign language},
  author={Pimsleur, Paul},
  year={2013},
  publisher={Simon and Schuster}
}
@inproceedings{edge2012memreflex,
  title={MemReflex: adaptive flashcards for mobile microlearning},
  author={Edge, Darren and Fitchett, Stephen and Whitney, Michael and Landay, James},
  booktitle={Proceedings of the 14th international conference on Human-computer interaction with mobile devices and services},
  pages={431--440},
  year={2012},
  organization={ACM}
}
@article{vesselinov2009measuring,
  title={Measuring the effectiveness of Rosetta Stone},
  author={Vesselinov, Roumen},
  journal={Rosetta Stone},
  year={2009}
}
@article{kukulska2015mobile,
  title={Mobile pedagogy for English language teaching: a guide for teachers},
  author={Kukulska-Hulme, Agnes and Norris, Lucy and Donohue, Jim},
  year={2015},
  publisher={British Council 2015}
}
@article{miangah2012mobile,
  title={Mobile-assisted language learning},
  author={Miangah, Tayebeh Mosavi and Nezarat, Amin},
  journal={International Journal of Distributed and Parallel Systems},
  volume={3},
  number={1},
  pages={309},
  year={2012},
  publisher={Academy \& Industry Research Collaboration Center (AIRCC)}
}
@inproceedings{eskenazi2007nativeaccenttm,
  title={The NativeaccentTM pronunciation tutor: measuring success in the real world.},
  author={Eskenazi, Maxine and Kennedy, Angela and Ketchum, Carlton and Olszewski, Robert and Pelton, Garrett},
  booktitle={SLaTE},
  pages={124--127},
  year={2007},
  organization={Citeseer}
}
@inproceedings{chen2004automatic,
  title={Automatic pronunciation assessment for Mandarin Chinese},
  author={Chen, Jiang-Chun and Jang, Jyh-Shing Roger and Li, Juii-Yi and Wu, Ming-Chun},
  booktitle={Multimedia and Expo, 2004. ICME'04. 2004 IEEE International Conference on},
  volume={3},
  pages={1979--1982},
  year={2004},
  organization={IEEE}
}
@inproceedings{minematsu2004pronunciation,
  title={Pronunciation assessment based upon the phonological distortions observed in language learners' utterances.},
  author={Minematsu, Nobuaki},
  booktitle={Interspeech},
  year={2004}
}
@inproceedings{franco1997automatic,
  title={Automatic pronunciation scoring for language instruction},
  author={Franco, Horacio and Neumeyer, Leonardo and Kim, Yoon and Ronen, Orith},
  booktitle={Acoustics, Speech, and Signal Processing, 1997. ICASSP-97., 1997 IEEE International Conference on},
  volume={2},
  pages={1471--1474},
  year={1997},
  organization={IEEE}
}
@article{patil2016detection,
  title={Detection of phonemic aspiration for spoken Hindi pronunciation evaluation},
  author={Patil, Vaishali V and Rao, Preeti},
  journal={Journal of Phonetics},
  volume={54},
  pages={202--221},
  year={2016},
  publisher={Elsevier}
}
@article{van2016evaluating,
  title={Evaluating automatic speech recognition-based language learning systems: a case study},
  author={van Doremalen, Joost and Boves, Lou and Colpaert, Jozef and Cucchiarini, Catia and Strik, Helmer},
  journal={Computer Assisted Language Learning},
  pages={1--19},
  year={2016},
  publisher={Taylor \& Francis}
}
@article{maqsood2016complete,
  title={A Complete Mispronunciation Detection System for Arabic Phonemes using SVM},
  author={Maqsood, Muazzam and Habib, Hafiz Adnan and Nawaz, Tabassam and Haider, Khurram Zeeshan},
  journal={IJCSNS},
  volume={16},
  number={3},
  pages={30},
  year={2016}
}
@article{mccrocklin2016pronunciation,
  title={Pronunciation learner autonomy: The potential of Automatic Speech Recognition},
  author={McCrocklin, Shannon M},
  journal={System},
  volume={57},
  pages={25--42},
  year={2016},
  publisher={Elsevier}
}
@article{leepersonalized,
  title={PERSONALIZED MISPRONUNCIATION DETECTION AND DIAGNOSIS BASED ON UNSUPERVISED ERROR PATTERN DISCOVERY},
  author={Lee, Ann and Chen, Nancy F and Glass, James}
}
@article{wolfeapplause,
  title={Applause: A Learning Tool for Low-Resource Languages},
  author={Wolfe, Nikolas and Vemuri, Vinay Vyas and Martin, Lara J and Metze, Florian and Black, Alan W}
}
@article{huimproved,
  title={An Improved DNN-based Approach to Mispronunciation Detection and Diagnosis of L2 Learnersâ€™ Speech},
  author={Hu, Wenping and Qian, Yao and Soong, Frank K}
}
@inproceedings{cucchiarini1997automatic,
  title={Automatic evaluation of Dutch pronunciation by using speech recognition technology},
  author={Cucchiarini, Catia and Strik, Helmer and Boves, Lou},
  booktitle={Automatic Speech Recognition and Understanding, 1997. Proceedings., 1997 IEEE Workshop on},
  pages={622--629},
  year={1997},
  organization={IEEE}
}
@article{cincarek2009automatic,
  title={Automatic pronunciation scoring of words and sentences independent from the non-nativeâ€™s first language},
  author={Cincarek, Tobias and Gruhn, Rainer and Hacker, Christian and N{\"o}th, Elmar and Nakamura, Satoshi},
  journal={Computer Speech \& Language},
  volume={23},
  number={1},
  pages={65--88},
  year={2009},
  publisher={Elsevier}
}
@inproceedings{kim1997automatic,
  title={Automatic pronunciation scoring of specific phone segments for language instruction.},
  author={Kim, Yoon and Franco, Horacio and Neumeyer, Leonardo},
  booktitle={Eurospeech},
  year={1997}
}
@inproceedings{bernstein1990automatic,
  title={Automatic evaluation and training in English pronunciation.},
  author={Bernstein, Jared and Cohen, Michael and Murveit, Hy and Rtischev, Dimitry and Weintraub, Mitchel},
  booktitle={ICSLP},
  volume={90},
  pages={1185--1188},
  year={1990}
}
@article{ferris1996academic,
  title={Academic listening/speaking tasks for ESL students: Problems, suggestions, and implications},
  author={Ferris, Dana and Tagg, Tracy},
  journal={TESOL Quarterly},
  pages={297--320},
  year={1996},
  publisher={JSTOR}
}
@article{nunan2002listening,
  title={Listening in language learning},
  author={Nunan, David},
  journal={Methodology in language teaching: An anthology of current practice},
  pages={238--241},
  year={2002}
}
@article{feyten1991power,
  title={The power of listening ability: An overlooked dimension in language acquisition},
  author={Feyten, Carine M},
  journal={The modern language journal},
  volume={75},
  number={2},
  pages={173--180},
  year={1991},
  publisher={Wiley Online Library}
}
@article{renukadevirole,
  title={The Role of Listening in Language Acquisition; the Challenges \& Strategies in Teaching Listening},
  author={Renukadevi, D}
}
@book{brown1996performance,
  title={Performance and competence in second language acquisition},
  author={Brown, Gillian and Malmkjaer, Kirsten and Williams, John},
  year={1996},
  publisher={Cambridge university press}
}
@article{swain1998interaction,
  title={Interaction and second language learning: Two adolescent French immersion students working together},
  author={Swain, Merrill and Lapkin, Sharon},
  journal={The modern language journal},
  volume={82},
  number={3},
  pages={320--337},
  year={1998},
  publisher={Wiley Online Library}
}
@book{gass1989linguistic,
  title={Linguistic perspectives on second language acquisition},
  author={Gass, Susan M and Schachter, Jacquelyn},
  year={1989},
  publisher={Cambridge University Press}
}
@book{genesee1987learning,
  title={Learning through two languages: Studies of immersion and bilingual education},
  author={Genesee, Fred},
  year={1987},
  publisher={Newbury house publishers}
}
@book{johnson1997immersion,
  title={Immersion education: International perspectives},
  author={Johnson, Robert Keith and Swain, Merrill},
  year={1997},
  publisher={Cambridge University Press}
}
@article{howard2005second,
  title={Second language acquisition in a study abroad context: A comparative investigation of the effects of study abroad and foreign language instruction on the L2 learnerâ€™s grammatical development},
  author={Howard, Martin},
  journal={Investigations in instructed second language acquisition. Studies on Language Acquisition},
  volume={25},
  pages={495--530},
  year={2005}
}
@article{leeds1990notes,
  title={Notes in the history of intercultural communication: The Foreign Service Institute and the mandate for intercultural training},
  author={Leeds-Hurwitz, Wendy},
  year={1990},
  publisher={Taylor \& Francis}
}
@article{glanzer1971repetition,
  title={Repetition between and within languages in free recall},
  author={Glanzer, Murray and Duarte, Anibal},
  journal={Journal of Verbal Learning and Verbal Behavior},
  volume={10},
  number={6},
  pages={625--630},
  year={1971},
  publisher={Elsevier}
}
@article{lukmani1972motivation,
  title={Motivation to learn and language proficiency},
  author={Lukmani, Yasmeen M},
  journal={Language learning},
  volume={22},
  number={2},
  pages={261--273},
  year={1972},
  publisher={Wiley Online Library}
}
@article{samarin1967field,
  title={Field linguistics: A guide to linguistic field work},
  author={Samarin, William J},
  year={1967},
  publisher={Holt, Rinehart and Winston}
}
@article{godwin2010emerging,
  title={Emerging technologies from memory palaces to spacing algorithms: approaches to secondlanguage vocabulary learning},
  author={Godwin-Jones, Robert},
  journal={Language, Learning \& Technology},
  volume={14},
  number={2},
  pages={4--11},
  year={2010},
  publisher={University of Hawaii, National Foreign Language Resource Center}
}
@article{wozniak1990supermemo,
  title={The SuperMemo Method-Optimization of Learning},
  author={Wozniak, PA and Biedalak, K},
  journal={Poznan: Informatyka},
  pages={1--9},
  year={1990}
}
@article{wozniak2007supermemo,
  title={Supermemo 2004},
  author={Wozniak, Piotr},
  journal={TESL EJ},
  volume={10},
  number={4},
  pages={1--12},
  year={2007},
  publisher={Distributer SuperMemo World ul. R. Maya 1 61-371 Pozna{\'n}; Poland}
}
@article{cuddy1982forgetting,
  title={When forgetting helps memory: An analysis of repetition effects},
  author={Cuddy, Lauren J and Jacoby, Larry L},
  journal={Journal of Verbal Learning and Verbal Behavior},
  volume={21},
  number={4},
  pages={451--467},
  year={1982},
  publisher={Elsevier}
}
@book{crowley2007field,
  title={Field linguistics: a beginner's guide},
  author={Crowley, Terry},
  year={2007},
  publisher={OUP Oxford}
}
@article{hale1998endangered,
  title={On endangered languages and the importance of linguistic diversity},
  author={Hale, Ken},
  journal={Endangered languages},
  pages={192--216},
  year={1998}
}
@book{lawler1998using,
  title={Using computers in linguistics: a practical guide},
  author={Lawler, John},
  year={1998},
  publisher={Psychology Press}
}
@misc{seuren1966grammar,
  title={Grammar Discovery Procedures. A Field Manual},
  author={Seuren, Peter AM and Longacre, Robert E},
  year={1966},
  publisher={JSTOR}
}
@inproceedings{parent2011speaking,
  title={Speaking to the Crowd: Looking at Past Achievements in Using Crowdsourcing for Speech and Predicting Future Challenges.},
  author={Parent, Gabriel and Eskenazi, Maxine},
  booktitle={INTERSPEECH},
  pages={3037--3040},
  year={2011},
  organization={Citeseer}
}
@book{eskenazi2013crowdsourcing,
  title={Crowdsourcing for speech processing: Applications to data collection, transcription and assessment},
  author={Eskenazi, Maxine and Levow, Gina-Anne and Meng, Helen and Parent, Gabriel and Suendermann, David},
  year={2013},
  publisher={John Wiley \& Sons}
}
@inproceedings{callison2010creating,
  title={Creating speech and language data with Amazon's Mechanical Turk},
  author={Callison-Burch, Chris and Dredze, Mark},
  booktitle={Proceedings of the NAACL HLT 2010 Workshop on Creating Speech and Language Data with Amazon's Mechanical Turk},
  pages={1--12},
  year={2010},
  organization={Association for Computational Linguistics}
}
@book{surowiecki2005wisdom,
  title={The wisdom of crowds},
  author={Surowiecki, James},
  year={2005},
  publisher={Anchor}
}
@inproceedings{patil2012automatic,
  title={Automatic pronunciation assessment for language learners with acoustic-phonetic features},
  author={Patil, Vaishali and Rao, Preeti},
  booktitle={24th International Conference on Computational Linguistics},
  pages={17},
  year={2012}
}







